<record xmlns="http://www.loc.gov/MARC21/slim" xmlns:xsi="http://www.w3.org/2001/XMLSchema-instance" xsi:schemaLocation="http://www.loc.gov/MARC21/slim http://www.loc.gov/standards/marcxml/schema/MARC21slim.xsd"><leader>     nam a22        4500</leader><controlfield tag="001">3072724</controlfield><controlfield tag="003">NNC</controlfield><controlfield tag="006">m        d        </controlfield><controlfield tag="007">cr cn |||m|||a</controlfield><controlfield tag="008">150316s195u    ua a    o     000 0 arard</controlfield><datafield ind1=" " ind2=" " tag="040"><subfield code="a">NNU</subfield><subfield code="b">eng</subfield><subfield code="e">rda</subfield><subfield code="c">NNU</subfield></datafield><datafield ind1=" " ind2="4" tag="050"><subfield code="a">PJ7838.S85</subfield><subfield code="b">R3 1950</subfield></datafield><datafield ind1="0" ind2=" " tag="100"><subfield code="6">880-01</subfield><subfield code="a">Suyu&#772;t&#803;i&#772;,</subfield><subfield code="d">1445-1505.</subfield></datafield><datafield ind1="1" ind2="3" tag="245"><subfield code="6">880-02</subfield><subfield code="a">al-Rah&#803;mah fi&#772; al-t&#803;ibb wa-al-h&#803;ikmah /</subfield><subfield code="c">ta&#700;li&#772;f Jala&#772;l al-Di&#772;n &#699;Abd al-Rah&#803;ma&#772;n al-Suyu&#772;t&#803;i&#772;.</subfield></datafield><datafield ind1=" " ind2=" " tag="260"><subfield code="6">880-03</subfield><subfield code="a">[Cairo] :</subfield><subfield code="b">Da&#772;r Ih&#803;ya&#772;&#700; al-Kutub al-&#699;Arabi&#772;yah,</subfield><subfield code="c">[195-?]</subfield></datafield><datafield ind1=" " ind2=" " tag="300"><subfield code="a">online resource (248 pages) :</subfield><subfield code="b">illustrations</subfield></datafield><datafield ind1=" " ind2=" " tag="336"><subfield code="a">text</subfield><subfield code="2">rdacontent</subfield></datafield><datafield ind1=" " ind2=" " tag="337"><subfield code="a">computer</subfield><subfield code="2">rdamedia</subfield></datafield><datafield ind1=" " ind2=" " tag="338"><subfield code="a">online resource</subfield><subfield code="2">rdacarrier</subfield></datafield><datafield ind1=" " ind2=" " tag="500"><subfield code="a">Part of the Arabic Collections Online (ACO) project, contributed by Columbia University Libraries.</subfield></datafield><datafield ind1=" " ind2=" " tag="533"><subfield code="a">Electronic reproduction.</subfield><subfield code="b">New York, N.Y. :</subfield><subfield code="c">New York University,</subfield><subfield code="d">2015.</subfield><subfield code="5">NNU</subfield></datafield><datafield ind1=" " ind2="0" tag="650"><subfield code="a">Medicine, Arab.</subfield></datafield><datafield ind1=" " ind2="0" tag="650"><subfield code="a">Medicine, Arab</subfield><subfield code="v">Formulae, receipts, prescriptions.</subfield></datafield><datafield ind1=" " ind2="0" tag="650"><subfield code="a">Medicine, Magic, mystic, and spagiric.</subfield></datafield><datafield ind1=" " ind2="0" tag="650"><subfield code="a">Medicine, Medieval.</subfield></datafield><datafield ind1=" " ind2="0" tag="650"><subfield code="a">Amulets (Islam)</subfield></datafield><datafield ind1=" " ind2="7" tag="650"><subfield code="a">Amulets (Islam)</subfield><subfield code="2">fast</subfield><subfield code="0">(OCoLC)fst00808068</subfield></datafield><datafield ind1=" " ind2="7" tag="650"><subfield code="a">Medicine, Arab.</subfield><subfield code="2">fast</subfield><subfield code="0">(OCoLC)fst01015186</subfield></datafield><datafield ind1=" " ind2="7" tag="650"><subfield code="a">Medicine, Magic, mystic, and spagiric.</subfield><subfield code="2">fast</subfield><subfield code="0">(OCoLC)fst01015272</subfield></datafield><datafield ind1=" " ind2="7" tag="650"><subfield code="a">Medicine, Medieval.</subfield><subfield code="2">fast</subfield><subfield code="0">(OCoLC)fst01015277</subfield></datafield><datafield ind1=" " ind2="7" tag="655"><subfield code="a">Prescriptions, formulae, receipts, etc.</subfield><subfield code="2">fast</subfield><subfield code="0">(OCoLC)fst01424054</subfield></datafield><datafield ind1="2" ind2=" " tag="710"><subfield code="a">Columbia University.</subfield><subfield code="b">Libraries.</subfield></datafield><datafield ind1="0" ind2=" " tag="730"><subfield code="a">Arabic Collections Online.</subfield></datafield><datafield ind1="0" ind2="8" tag="776"><subfield code="i">Online version:</subfield><subfield code="a">Suyu&#772;t&#803;i&#772;, 1445-1505.</subfield><subfield code="t">Rah&#803;mah fi&#772; al-t&#803;ibb wa-al-h&#803;ikmah.</subfield><subfield code="d">[Cairo]: Da&#772;r Ih&#803;ya&#772;&#700; al-Kutub al-&#699;Arabi&#772;yah, [195-?]</subfield><subfield code="w">(OCoLC)701146223</subfield></datafield><datafield ind1="0" ind2="8" tag="776"><subfield code="i">Print version:</subfield><subfield code="a">Suyu&#772;t&#803;i&#772;, 1445-1505.</subfield><subfield code="t">al-Rah&#803;mah fi&#772; al-t&#803;ibb wa-al-h&#803;ikmah</subfield><subfield code="w">(NNC)3072724</subfield><subfield code="w">(OCoLC)19652177</subfield></datafield><datafield ind1="4" ind2="0" tag="856"><subfield code="u">http://hdl.handle.net/2333.1/rr4xh0q2</subfield></datafield><datafield ind1="0" ind2=" " tag="880"><subfield code="6">100-01/r</subfield><subfield code="a">&#1587;&#1610;&#1608;&#1591;&#1610;&#1548;</subfield><subfield code="d">1445-1505.</subfield></datafield><datafield ind1="1" ind2="2" tag="880"><subfield code="6">245-02/r</subfield><subfield code="a">&#1575;&#1604;&#1585;&#1581;&#1605;&#1577; &#1601;&#1610; &#1575;&#1604;&#1591;&#1576; &#1608;&#1575;&#1604;&#1581;&#1603;&#1605;&#1577; /</subfield><subfield code="c">&#1578;&#1571;&#1604;&#1610;&#1601; &#1580;&#1604;&#1575;&#1604; &#1575;&#1604;&#1583;&#1610;&#1606; &#1593;&#1576;&#1583; &#1575;&#1604;&#1585;&#1581;&#1605;&#1606; &#1575;&#1604;&#1587;&#1610;&#1608;&#1591;&#1610;.</subfield></datafield><datafield ind1=" " ind2=" " tag="880"><subfield code="6">260-03/r</subfield><subfield code="a">[&#1575;&#1604;&#1602;&#1575;&#1607;&#1585;&#1577;] :</subfield><subfield code="b">&#1583;&#1575;&#1585; &#1573;&#1581;&#1610;&#1575;&#1569; &#1575;&#1604;&#1603;&#1578;&#1576; &#1575;&#1604;&#1593;&#1585;&#1576;&#1610;&#1577;&#1548;</subfield><subfield code="c">[195-?]</subfield></datafield><datafield ind1=" " ind2=" " tag="959"><subfield code="a">NNU</subfield><subfield code="b">WEB</subfield><subfield code="c">GENI</subfield><subfield code="t">0</subfield><subfield code="m">Electronic access</subfield><subfield code="s">01</subfield></datafield><datafield ind1=" " ind2=" " tag="999"><subfield code="i">NNC_3072724</subfield><subfield code="o">(OCoLC)ocm19652177</subfield><subfield code="e">(ERROR-880)</subfield><subfield code="s">columbia_aco000378</subfield></datafield></record>